@article{Jones2007,
title = "Automatic summarising: The state of the art",
journal = "Information Processing & Management",
volume = "43",
number = "6",
pages = "1449 - 1481",
year = "2007",
note = "Text Summarization",
issn = "0306-4573",
doi = "https://doi.org/10.1016/j.ipm.2007.03.009",
url = "http://www.sciencedirect.com/science/article/pii/S0306457307000878",
author = "Karen Sp√§rck Jones",
}